@article{muniz2022weighted,
  title={A weighted network clustering approach in the NBA},
  author={Muniz, Megan and Flamand, Tulay},
  journal={Journal of Sports Analytics},
  number={Preprint},
  pages={1--25},
  year={2022},
  publisher={IOS Press}
}

@article{zhang2016application,
  title={Application of K-means clustering algorithm for classification of NBA guards},
  author={Zhang, Libao and Lu, Faming and Liu, An and Guo, Pingping and Liu, Cong},
  journal={International Journal of Science and Engineering Applications},
  volume={5},
  number={1},
  pages={1--6},
  year={2016}
}

@article{guan2023nba2vec,
  title={NBA2Vec: Dense feature representations of NBA players},
  author={Guan, Webster and Javed, Nauman and Lu, Peter},
  journal={arXiv preprint arXiv:2302.13386},
  year={2023}
}

@inproceedings{wang2016classifying,
  title={Classifying NBA offensive plays using neural networks},
  author={Wang, Kuan-Chieh and Zemel, Richard},
  booktitle={Proceedings of MIT Sloan sports analytics conference},
  volume={4},
  year={2016}
}

@article{richardson2019evolution,
  title={Evolution of a Player: Transitions in NBA Player Classifications},
  author={Richardson, Chris A},
  journal={Available at SSRN 3515711},
  year={2019}
}

@article{wu2018classification,
  title={Classification of NBA salaries through player statistics},
  author={Wu, William and Feng, Kevin and Li, Raymond and Sengupta, Kunal and Cheng, Austin},
  journal={Sports Analytics Group at Berkeley, https://sportsanalytics. berkeley. edu/projects/nba-salaries-stats. pdf [19.09. 2020]},
  year={2018}
}

@article{chi3mixed,
  title={A Mixed Model for Performance-Based Classification of NBA Players},
  author={Chi, Yeong Nain and Chi, Jennifer},
  journal={International Journal},
  volume={3},
  number={03}
}

@misc{tensorflow2015-whitepaper,
title={ {TensorFlow}: Large-Scale Machine Learning on Heterogeneous Systems},
url={https://www.tensorflow.org/},
note={Software available from tensorflow.org},
author={
    Mart\'{i}n~Abadi and
    Ashish~Agarwal and
    Paul~Barham and
    Eugene~Brevdo and
    Zhifeng~Chen and
    Craig~Citro and
    Greg~S.~Corrado and
    Andy~Davis and
    Jeffrey~Dean and
    Matthieu~Devin and
    Sanjay~Ghemawat and
    Ian~Goodfellow and
    Andrew~Harp and
    Geoffrey~Irving and
    Michael~Isard and
    Yangqing Jia and
    Rafal~Jozefowicz and
    Lukasz~Kaiser and
    Manjunath~Kudlur and
    Josh~Levenberg and
    Dandelion~Man\'{e} and
    Rajat~Monga and
    Sherry~Moore and
    Derek~Murray and
    Chris~Olah and
    Mike~Schuster and
    Jonathon~Shlens and
    Benoit~Steiner and
    Ilya~Sutskever and
    Kunal~Talwar and
    Paul~Tucker and
    Vincent~Vanhoucke and
    Vijay~Vasudevan and
    Fernanda~Vi\'{e}gas and
    Oriol~Vinyals and
    Pete~Warden and
    Martin~Wattenberg and
    Martin~Wicke and
    Yuan~Yu and
    Xiaoqiang~Zheng},
  year={2015},
}

@article{scikit-learn,
 title={Scikit-learn: Machine Learning in {P}ython},
 author={Pedregosa, F. and Varoquaux, G. and Gramfort, A. and Michel, V.
         and Thirion, B. and Grisel, O. and Blondel, M. and Prettenhofer, P.
         and Weiss, R. and Dubourg, V. and Vanderplas, J. and Passos, A. and
         Cournapeau, D. and Brucher, M. and Perrot, M. and Duchesnay, E.},
 journal={Journal of Machine Learning Research},
 volume={12},
 pages={2825--2830},
 year={2011}
}

@incollection{GMM,
title = {Investigating tunable experiment variable effects on hiPSC-CMs maturation via unsupervised learning},
editor = {Antonios C. Kokossis and Michael C. Georgiadis and Efstratios Pistikopoulos},
series = {Computer Aided Chemical Engineering},
publisher = {Elsevier},
volume = {52},
pages = {2723-2728},
year = {2023},
booktitle = {33rd European Symposium on Computer Aided Process Engineering},
issn = {1570-7946},
doi = {https://doi.org/10.1016/B978-0-443-15274-0.50433-9},
url = {https://www.sciencedirect.com/science/article/pii/B9780443152740504339},
author = {Shenbageshwaran Rajendiran and Mohammadjafar Hashemi and Ferdous Frinklea and Nathan Young and Elizabeth Lipke and Selen Cremaschi},
}